% Encoding: UTF-8

@Book{Croft2006,
  title     = {Under the Microscope: A Brief History of Microscopy},
  publisher = {World Scientific Publishing Company},
  year      = {2006},
  author    = {Croft, W.J.},
  series    = {Series in Popular Science},
  isbn      = {9789814338042},
  file      = {A book all about microscope and imaging using microscope.:SelectedReferences\\Books\\9. Under the Microscope.pdf:PDF},
  url       = {https://books.google.com/books?id=caTUCgAAQBAJ},
}

@Book{Dobell1960,
  title     = {Antony Van Leeuwenhoek and His "Little Animals"},
  publisher = {Dover Publications},
  year      = {1960},
  author    = {Dobell, C. and van Leeuwenhoek, A.},
  series    = {Dover books on biology and medicine},
  lccn      = {60002548},
  url       = {https://books.google.com.et/books?id=bBiGQwAACAAJ},
}

@Book{Dhawan2011,
  title         = {Medical Image Analysis},
  publisher     = {Wiley},
  year          = {2011},
  author        = {Dhawan, A.P.},
  series        = {IEEE Press Series on Biomedical Engineering},
  isbn          = {9780470922897},
  __markedentry = {[Mamush-2016:]},
  lccn          = {2010048284},
  url           = {https://books.google.com.et/books?id=9SC5tWt8FUUC},
}

@Book{Russ2016,
  title         = {The Image Processing Handbook, Seventh Edition},
  publisher     = {CRC Press},
  year          = {2016},
  author        = {Russ, J.C.},
  isbn          = {9781498740289},
  __markedentry = {[Mamush-2016:6]},
  url           = {https://books.google.com.et/books?id=ROSYCgAAQBAJ},
}

@Book{Russ206,
	title         = {The Image Processing Handbook, Seventh Edition},
	publisher     = {CRC Press},
	year          = {2016},
	author        = {Russ, J.C.},
	isbn          = {9781498740289},
	__markedentry = {[Mamush-2016:6]},
	url           = {https://books.google.com.et/books?id=ROSYCgAAQBAJ},
}

@Comment{jabref-meta: databaseType:bibtex;}
